@article{WhatIsTimeSeriesForecasting,
	Author = {Brownlee J.},
	Title = {What Is Time Series Forecasting?},
	Url = {https://machinelearningmastery.com/time-series-forecasting/},
	Year = {2016}}


@article{TimeSeriesAsSupervisedLearning,
	Author = {Brownlee J.},
	Title = {Time Series Forecasting as Supervised Learning},
	Url = {https://machinelearningmastery.com/time-series-forecasting-supervised-learning/},
	Year = {2016}}
    
    
@article{ARIMAModelGridSearch,
	Author = {Jason Brownlee},
	Title = {How to Grid Search ARIMA Model Hyperparameters with Python},
	Url = {https://machinelearningmastery.com/grid-search-arima-hyperparameters-with-python/},
	Year = {2017}}
    
    
@article{TimeSeriesPerformanceMeasures,
	Author = {Brownlee J.},
	Title = {Time Series Forecasting Performance Measures With Python},
	Url = {https://machinelearningmastery.com/time-series-forecasting-performance-measures-with-python/},
	Year = {2017}}
    
@article{TimeSeriesLSTM,
	Author = {Brownlee J.},
	Title = {Time Series Forecasting with the Long Short-Term Memory Network in Python},
	Url = {https://machinelearningmastery.com/time-series-forecasting-long-short-term-memory-network-python/},
	Year = {2017}}


@article{TensorFlowSequence2Sequence,
	Title = {Sequence-to-Sequence Models},
	Url = {https://www.tensorflow.org/tutorials/seq2seq},


@book{IntroTSForecastingWithPython,
	Author = {Brownlee J.},
	Title = {Introduction to Time Series Forecasting With Python},
    Part = {Part V. Forecast Models},
    Chapter = {ARIMA Model for Forecasting},
	Url = {https://machinelearningmastery.com/introduction-to-time-series-forecasting-with-python/},
	Year = {2017}}